@inbook{MCMC,
	author	= "Morten H. Jensen",
	title	= "Computational physics: Lecture notes fall 2015",
	chapter	= "12",
	pages	= "389",
	year	= "2015",
}

@inbook{parall,
	author	= "Morten H. Jensen",
	title	= "Computational physics: Lecture notes fall 2015",
	chapter	= "5",
	pages	= "131",
	year	= "2015",
}
@article{LarsOnsager,
  title = {Crystal Statistics. I. A Two-Dimensional Model with an Order-Disorder Transition},
  author = {Onsager, Lars},
  journal = {Phys. Rev.},
  volume = {65},
  issue = {3-4},
  pages = {117--149},
  numpages = {0},
  year = {1944},
  month = {Feb},
  publisher = {American Physical Society},
  doi = {10.1103/PhysRev.65.117},
  url = {https://link.aps.org/doi/10.1103/PhysRev.65.117}
}

@inbook{Grif,
  author	= "David J. Griffiths and Darrell F. Schroether",
  title	= "Introduction to Quantum Mechanics: Third edition",
  publisher= "Cambridge University Press",
  year	= "2018",
}

@inbook{Saku,
  author	= "J.J. Sakurai and Jim Napolitano",
  title	= "Modern Quantum Mechanics: Third edition",
  publisher= "Cambridge University Press",
  year	= "2021",
}

@inbook{Hemmer,
  author	= "P.C. Hemmer",
  title	= "Kvantemekanikk",
  publisher= "Tapir akademisk forlag",
  year	= "2005",
}